@article{feng2025charting,
  title={Charting Uncertain Waters: A Socio-Technical Framework for Navigating GenAI's Impact on Open Source Communities},
  author={Feng, Zixuan and Milewicz, Reed and Murphy-Hill, Emerson and Menezes, Tyler and Serebrenik, Alexander and Steinmacher, Igor and Sarma, Anita},
  journal={arXiv preprint arXiv:2508.04921},
  year={2025}
}

@article{thakur2025scientific,
  title={Scientific Open-Source Software Is Less Likely to Become Abandoned Than One Might Think! Lessons from Curating a Catalog of Maintained Scientific Software},
  author={Thakur, Addi Malviya and Milewicz, Reed and Jahanshahi, Mahmoud and Paganini, Lav{\'\i}nia and Vasilescu, Bogdan and Mockus, Audris},
  journal={Proceedings of the ACM on Software Engineering},
  volume={2},
  number={FSE},
  pages={2216--2239},
  year={2025},
  publisher={ACM New York, NY, USA}
}

@inproceedings{feng2025multifaceted,
  title={The multifaceted nature of mentoring in oss: strategies, qualities, and ideal outcomes},
  author={Feng, Zixuan and Steinmacher, Igor and Gerosa, Marco and Menezes, Tyler and Serebrenik, Alexander and Milewicz, Reed and Sarma, Anita},
  booktitle={2025 IEEE/ACM 18th International Conference on Cooperative and Human Aspects of Software Engineering (CHASE)},
  pages={203--214},
  year={2025},
  organization={IEEE}
}

@article{jacobs2024mentorship,
  title={Mentorship of women in oss projects: A cross-disciplinary, integrative review},
  author={Jacobs, Mariska and Milewicz, Reed and Serebrenik, Alexander},
  journal={Equity, Diversity, and Inclusion in Software Engineering: Best Practices and Insights},
  pages={337--364},
  year={2024},
  publisher={Apress Berkeley, CA}
}

@inproceedings{grayson2024benchmark,
  title={A benchmark suite and performance analysis of user-space provenance collectors},
  author={Grayson, Samuel and Aguilar, Faustino and Milewicz, Reed and Katz, Daniel S and Marinov, Darko},
  booktitle={Proceedings of the 2nd ACM Conference on Reproducibility and Replicability},
  pages={85--95},
  year={2024}
}

@article{mcinnes2024cast,
  title={A cast of thousands: How the IDEAS productivity project has advanced software productivity and sustainability},
  author={McInnes, Lois Curfman and Heroux, Michael A and Bernholdt, David E and Dubey, Anshu and Gonsiorowski, Elsa and Gupta, Rinku and Marques, Osni and Moulton, J David and Nam, Hai Ah and Norris, Boyana and others},
  journal={Computing in Science \& Engineering},
  volume={26},
  number={1},
  pages={48--60},
  year={2024},
  publisher={IEEE}
}

@inproceedings{gilbertson2024towards,
  title={Towards Evidence-Based Software Quality Practices for Reproducibility: Practices and Aligned Software Qualities},
  author={Gilbertson, Christian and Mundt, Miranda and Teves, Joshua and Toribio, Simone and Milewicz, Reed},
  booktitle={Proceedings of the 2nd ACM Conference on Reproducibility and Replicability},
  pages={52--63},
  year={2024}
}

@inproceedings{milewicz2023devops,
  author    = {Reed Milewicz and Jonathan Bisila and Miranda Mundt and Sylvain Bernard and Michael Robert Buche and Jason M. Gates and Samuel Andrew Grayson and Evan Harvey and Alexander Jaeger and Kirk Timothy Landin and Mitchell Negus and Bethany L. Nicholson},
  title     = {DevOps Pragmatic Practices and Potential Perils in Scientific Software Development},
  booktitle = {Proceedings of the 8th International Congress on Information and Communication Technology},
  year      = {2023},
  publisher = {Springer},
  pages     = {1--20}
}

@article{mundt2023public,
  author    = {Miranda R. Mundt and K. Beattie and Jonathan Bisila and C. R. Ferenbaugh and W. F. Godoy and R. Gupta and J. E. Guyer and M. Kiran and Addi Malviya{-}Thakur and Reed Milewicz and B. H. Sims and V. Sochat and J. B. Teves},
  title     = {For the Public Good: Connecting, Retaining, and Recognizing Current and Future RSEs at National Organizations},
  journal   = {Computing in Science and Engineering},
  year      = {2023}
}

@inproceedings{mundt2023testing,
  author    = {Miranda Mundt and Jonathan Bisila and Reed Milewicz and Joshua Teves and Michael Buche and Jonathan Compton and Jason M. Gates and Kirk Landin and Gerald Lofstead},
  title     = {Challenges and Strategies for Testing Automation Practices at Sandia National Laboratories},
  booktitle = {1st Annual Conference of the United States Association of Research Software Engineers (US-RSE’23)},
  year      = {2023},
  pages     = {1--10}
}

@inproceedings{milewicz2023seeking,
  author    = {Reed Milewicz and Jonathan Bisila and Miranda Mundt and Joshua Teves},
  title     = {Seeking Enlightenment: An Experience Report on Incorporating Evidence-Based Practice Techniques in a Research Software Engineering Team},
  booktitle = {1st Annual Conference of the United States Association of Research Software Engineers (US-RSE’23)},
  year      = {2023},
  pages     = {1--10}
}

@inproceedings{grayson2023automatic,
  author    = {Samuel Grayson and Darko Marinov and Daniel S. Katz and Reed Milewicz},
  title     = {Automatic Reproduction of Workflows in the Snakemake Workflow Catalog and nf-core Registries},
  booktitle = {Proceedings of the 2023 ACM Conference on Reproducibility and Replicability},
  year      = {2023},
  pages     = {74--84}
}

@inproceedings{milewicz2023evidence,
  author    = {Reed Milewicz and Miranda Mundt},
  title     = {Towards Evidence-Based Software Quality Practices for Reproducibility: Preliminary Results and Research Directions},
  booktitle = {Proceedings of the 2023 ACM Conference on Reproducibility and Replicability},
  year      = {2023},
  pages     = {85--88}
}

@inproceedings{weirs2022catalyst,
  author    = {V. Gregory Weirs and Elaine M. Raybourn and Reed Milewicz and Killian Muollo and Jeffrey A. Mauldin and Thomas J. Otahal},
  title     = {Enabling Catalyst Adoption in SPARC},
  booktitle = {2022 IEEE/ACM International Workshop on In Situ Infrastructures for Enabling Extreme-Scale Analysis and Visualization (ISAV)},
  year      = {2022},
  pages     = {20--25},
  publisher = {IEEE}
}

@misc{malviya2022exaam,
  author    = {Addi Thakur Malviya and Reed Milewicz and Samuel Grayson and Philip Fackler and James Belak and John Turner},
  title     = {Real-World Experiences Adopting Workflows at Exascale on the ExaAM Project},
  year      = {2022},
  note      = {United States: N. p. Web}
}

@article{milewicz2022secure,
  author    = {Reed Milewicz and Jeffrey Carver and Samuel Grayson and Travis Atkison},
  title     = {A Secure Future for Open-Source Computational Science and Engineering},
  journal   = {Computing in Science and Engineering},
  volume    = {24},
  number    = {4},
  pages     = {65--69},
  year      = {2022}
}

@inproceedings{harvey2022half,
  title={Half-Precision Scalar Support in Kokkos and Kokkos Kernels: An Engineering Study and Experience Report},
  author={Harvey, Evan and Milewicz, Reed and Trott, Christian and Berger-Vergiat, Luc and Rajamanickam, Siva},
  booktitle={2022 IEEE 18th International Conference on e-Science (e-Science)},
  pages={551--560},
  year={2022},
  organization={IEEE}
}

@misc{raybourn2022incentivizing,
  author    = {Elaine Raybourn and Reed Milewicz and Miranda Mundt},
  title     = {Incentivizing Adoption of Software Quality Practices},
  year      = {2022},
  doi       = {10.2172/1845193},
  note      = {United States: N. p. Web}
}

@article{mundt2022persona,
  author    = {Miranda Mundt and Reed Milewicz and Elaine Raybourn},
  title     = {In Their Shoes: Persona-Based Approaches to Software Quality Practice Incentivization},
  journal   = {Computing in Science and Engineering},
  year      = {2022}
}

@techreport{brundage2021engineering,
  author    = {A. Brundage and S. Burns and J. Englemann and E. Hoffman and S. Jackson and Reed Milewicz and M. Muggler},
  title     = {Engineering Common Model Framework},
  institution = {Sandia National Laboratories},
  year      = {2021},
  number    = {SAND2021-15291}
}

@inproceedings{milewicz2021bridges,
  author    = {Reed Milewicz and Miranda Mundt},
  title     = {Building Bridges: Establishing a Dialogue Between Software Engineering Research and Computational Science},
  booktitle = {Proceedings of the Workshop on the Science of Scientific-Software Development and Use},
  year      = {2021},
  month     = {December}
}

@inproceedings{mundt2021harmony,
  author    = {Miranda Mundt and Reed Milewicz},
  title     = {Working in Harmony: Towards Integrating RSEs into Multi-Disciplinary CSE Teams},
  booktitle = {Proceedings of the Workshop on the Science of Scientific-Software Development and Use},
  year      = {2021},
  month     = {December}
}

@inproceedings{milewicz2021mentorship,
  author    = {Reed Milewicz and Miranda Mundt},
  title     = {An Exploration of the Mentorship Needs of Research Software Engineers},
  booktitle = {Research Software Engineers in HPC (RSE-HPC-2021)},
  year      = {2021},
  month     = {November}
}

@inproceedings{raybourn2021automating,
  author    = {Elaine M. Raybourn and Greg Watson and Elsa Gonsiorowski and Reed Milewicz and David M. Rogers and Benjamin H. Sims and Jim Willenbring},
  title     = {Automating Software Productivity Planning: Lightweight Tools for Upgrading Team Practices},
  booktitle = {Proceedings of the 2021 World Congress in Computer Science, Computer Engineering, and Applied Computing (CSCE'21)},
  year      = {2021}
}

@inproceedings{raybourn2021datadriven,
  author    = {Elaine M. Raybourn and Reed Milewicz and David M. Rogers and Benjamin H. Sims and Greg Watson and Elsa Gonsiorowski and Jim Willenbring},
  title     = {A Data-Driven Approach to Rethinking Open Source Software Organizations as a Team of Teams},
  booktitle = {Proceedings of the 2021 World Congress in Computer Science, Computer Engineering, and Applied Computing (CSCE'21)},
  year      = {2021}
}

@inproceedings{wunrow2021cross,
  author    = {Han Yong Wunrow and Reed Milewicz and Elaine M. Raybourn},
  title     = {Towards a Data-Driven Understanding of Cross-Team Collaboration},
  booktitle = {2021 Collegeville Workshop on Scientific Software},
  year      = {2021}
}

